4159 5850
254 686 358 761 φιιω
380 656 611 731 abstinentiae
636 656 739 755 sigua
763 655 802 727 iu
826 651 1017 751 Daphnide
1043 650 1285 752 deprehendt.
1343 652 1496 754 Pupeee
1521 656 1789 754 spectaculum,
1807 659 1870 735 ubi
1897 688 1957 737 uu·

252 790 389 889 piditas
407 789 454 859 in
488 786 642 858 inmissis
666 785 785 856 meino
811 809 891 857 eum
916 782 1101 883 scipione·
1114 782 1460 856 adintemece‘onen
1485 798 1597 885 usque
1623 785 1859 886 deprnelietur
1884 805 1957 867 ns.

256 916 462 1019 goediarum
487 911 703 988 amatoribus
724 911 905 1012 relinquo,
929 909 1113 1010 popularis
1139 909 1331 984 cantilenae
1351 911 1575 1012 ingenuitati,
1598 928 1704 1013 qnam
1723 918 1957 997 «Tmen-itum

254 1075 301 1125 ne
325 1047 550 1124 Stesichorus
575 1043 716 1144 quidem
742 1045 997 1142 superstitione
1018 1041 1239 1117 deformasse
1263 1040 1432 1136 vidimus,
1466 1041 1555 1117 hoec
1576 1047 1696 1143 potins
1721 1047 1850 1125 subula·
1874 1077 1957 1125 oon·

256 1181 389 1272 ueniet,
415 1189 454 1251 nt
474 1175 658 1273 Daphnis,
683 1172 872 1274 Nymphae
896 1173 1158 1246 matrimonium
1183 1173 1352 1265 meritus,
1383 1173 1546 1250 castitate
1572 1172 1656 1248 hnic
1685 1180 1863 1275 promissa
1885 1178 1958 1253 ve.

257 1333 375 1381 nerem
400 1303 606 1396 offenderit,
643 1312 735 1403 quae
748 1303 828 1381 etsi
855 1302 1068 1375 voluntatem
1094 1299 1175 1402 ejus
1202 1299 1368 1399 frangere
1402 1327 1475 1375 non
1503 1317 1644 1400 posset,
1682 1305 1729 1379 ad
1764 1320 1956 1382 extremum

254 1449 372 1511 temen
393 1436 486 1507 veris
513 1446 549 1507 et
572 1429 813 1530 praesentibus
840 1429 1018 1504 umoribus
1039 1431 1174 1503 trusus
1194 1442 1376 1505 {tentetum
1406 1434 1445 1505 in
1478 1433 1613 1507 irritem
1647 1439 1855 1537 peregrinae
1883 1463 1958 1510 mn·

255 1567 354 1640 lieris
379 1564 581 1664 cupidinem
606 1561 786 1662 injecerit,
812 1561 914 1662 cnjus
934 1560 994 1635 ille
1019 1559 1194 1636 desiderio
1218 1561 1310 1634 nivis
1336 1561 1678 1639 msturcontahuit.
1711 1587 1713 1593 ·
1834 1605 1841 1623 ι
1913 1604 1916 1609 ·

1058 1863 1156 1971 lV.

755 2057 848 2145 Dc
883 2053 1171 2147 sententis
1203 2054 1457 2151 subuleo.

280 2250 285 2259 ’
355 2251 409 2329 At
434 2253 471 2325 id
495 2255 610 2352 ipsum
637 2248 725 2351 qnid
749 2262 805 2324 est
829 2246 926 2348 quod
947 2248 1039 2319 nivis
1061 2247 1172 2318 instar
1193 2244 1428 2340 contabuisse,
1454 2244 1509 2319 vel
1534 2257 1575 2320 nt
1599 2250 1745 2347 propius
1772 2250 1878 2322 etiam
1903 2251 1955 2319 in-

253 2382 477 2482 terpretando
498 2381 726 2474 secedamus,
752 2378 952 2480 diffluxisse
975 2376 1140 2474 Daphnis
1164 2372 1342 2449 tradituri
1375 2376 1471 2449 Num
1496 2377 1614 2475 imago
1638 2389 1775 2450 tuntum
1799 2380 1956 2476 poetice,

255 2539 345 2614 qnae
372 2513 488 2612 frigus
514 2510 591 2611 ejus
616 2510 757 2584 tandem
780 2506 968 2607 aliqnando
982 2507 1122 2603 *umoris
1145 2505 1241 2580 velut
1265 2508 1350 2607 igne
1377 2505 1531 2605 quodem
1557 2484 1750 2582 emollitum
1775 2510 1814 2579 in
1835 2492 1951 2607 ipsius

254 2645 445 2743 perniciem
470 2644 617 2716 uertisse
642 2638 847 2740 significet?
898 2636 956 2711 Sit
991 2637 1062 2732 ita5
1102 2635 1163 2708 sed
1195 2634 1256 2708 nbi
1288 2636 1398 2711 semel
1432 2637 1581 2737 frigoris
1613 2643 1753 2714 nomine
1783 2638 1955 2736 Daphnin

255 2800 334 2848 eum
360 2777 439 2846 nive
467 2772 748 2870 comparaveris,
772 2768 853 2844 vide
880 2795 923 2842 ne
946 2767 1057 2841 multo
1077 2769 1174 2866 prius
1199 2766 1365 2866 Daphnis
1399 2769 1491 2842 nivis
1524 2771 1644 2869 potius
1674 2772 1857 2870 ipsiusque
1892 2768 1956 2839 fri-

257 2904 353 3005 goris
376 2906 494 3003 imago
517 2901 644 2995 fuerit,
666 2902 774 3002 inque
800 2901 976 2999 poeticam
1000 2896 1096 2970 illam
1124 2900 1422 2997 comparationem
1445 2898 1539 2973 idem
1561 2897 1684 2994 cudat,
1721 2898 1819 3001 quod
1850 2925 1956 3000 suepe

251 3035 326 3135 jam
351 3036 390 3105 in
415 3034 687 3122 Homericorum
710 3029 856 3105 deornm
881 3027 1042 3127 epithetis
1069 3027 1309 3128 similibusque
1335 3029 1535 3104 fabularum
1555 3044 1712 3106 ueterum
1739 3034 1954 3104 ornamentis

256 3165 480 3239 observatum
506 3175 580 3256 est,
606 3175 645 3235 ut
667 3189 757 3262 quae
780 3161 884 3235 nobis
911 3184 1004 3232 nnnc
1028 3158 1177 3258 figurate
1202 3170 1338 3233 tantum
1364 3158 1435 3231 dici
1456 3159 1662 3253 videantur,
1704 3159 1748 3232 ad
1777 3163 1955 3261 propriam

256 3319 299 3365 uc
324 3291 517 3366 naturalem
542 3290 842 3392 significationem
864 3301 1028 3364 revocata
1052 3290 1164 3388 ipsam
1188 3290 1342 3362 numinis
1373 3292 1445 3362 vim
1475 3305 1511 3365 et
1546 3291 1702 3366 indolem
1726 3291 1953 3391 symbolicam

257 3426 460 3498 contineant
473 3422 540 3525 49).
594 3419 710 3521 Atqui
733 3422 905 3522 Daphnin
930 3445 1071 3519 qnoque
1096 3420 1248 3492 numinis
1273 3421 1354 3494 loco
1380 3421 1580 3497 habendum
1598 3445 1676 3496 esse
1701 3422 1794 3496 clare
1808 3422 1953 3496 Servius

258 3553 362 3628 docet
387 3553 549 3627 invocato
575 3553 760 3627 Mercurio
782 3565 887 3651 putre
912 3555 949 3624 in
965 3552 1101 3625 eaelum
1123 3565 1265 3651 ruptum
1279 3580 1448 3647 narrans,
1474 3577 1545 3651 quo
1563 3553 1661 3628 fecto
1687 3553 1889 3629 Mercurius
1917 3555 1954 3624 in

257 3718 299 3763 eo
323 3689 402 3763 loco
425 3691 560 3790 sontem
587 3688 767 3778 elicuerit,
792 3689 857 3787 qui
879 3686 1045 3784 Daphnes
1070 3697 1231 3779 uocetur,
1270 3688 1369 3784 apud
1400 3710 1501 3787 quem
1535 3688 1723 3785 quotannis
1753 3684 1875 3758 Siculi
1897 3709 1954 3755 su·

257 3820 437 3920 unificum,
465 3817 557 3894 nude
583 3845 692 3917 quum
717 3843 789 3888 non
813 3817 927 3888 minor
956 3815 1066 3913 ipsius
1093 3841 1198 3913 qnam
1225 3816 1390 3915 conjugis
1417 3829 1542 3890 natura
1564 3816 1713 3889 llnviulis
1750 3820 1825 3889 sive
1847 3841 1954 3914 aqna·

182 3967 186 3972 ”
257 3951 328 4023 tice
361 3961 549 4046 apparent,
597 3945 714 4018 nullus
753 3943 878 4019 dubito
919 3946 1006 4045 quin
1047 3948 1085 4016 in
1125 3947 1240 4042 primo
1273 3971 1416 4044 quoque
1451 3946 1638 4020 Theocriti
1678 3944 1807 4045 ldpllio
1846 3943 1952 4018 verba

257 4108 290 4151 v.
318 4074 410 4150 140.
438 4072 534 4148 llll:
1545 4089 1549 4100 ’

401 4311 403 4316 ,
532 4203 593 4306 χώ
619 4203 767 4311 Δάφνις
790 4204 868 4299 ἔβα
894 4202 988 4313 ῥόοι,
1012 4187 1155 4290 tutore
1181 4199 1262 4288 ileu

478 4334 542 4419 riv
569 4335 731 4420 Μοίσαις
757 4334 872 4442 φίλον
897 4327 1037 4441 eivipu,
1059 4337 1123 4418 rie
1148 4333 1188 4419 ου’
1212 4333 1430 4441 Νύμφαισιν
1456 4334 1647 4435 ἀπεχθῆ,

258 4495 362 4570 quem
387 4469 495 4568 vulgo
521 4472 605 4541 satis
633 4479 754 4541 coacta
781 4478 815 4540 et
852 4455 1028 4540 structura
1056 4481 1091 4540 et
1122 4468 1408 4565 interpretatione
1442 4467 1487 4540 ad
1511 4466 1723 4543 descensum
1755 4464 1802 4537 ed
1832 4461 1952 4537 Ache·

329 4766 374 4835 ss)
392 4767 435 4819 Cf.
459 4786 527 4840 qnae
546 4771 579 4820 de
595 4773 754 4837 cognomine
771 4765 900 4835 ,tednrdue
919 4767 1052 4820 lllirllerus
1071 4763 1176 4816 monuit
1195 4763 1302 4830 Proleg.
1330 4779 1357 4813 e.
1377 4763 1451 4813 wiss.
1473 4758 1559 4829 tint.
1576 4779 1604 4830 p.
1625 4758 1698 4820 263,
1727 4759 1791 4810 item
1817 4757 1851 4806 de
1870 4756 1949 4805 llus-

255 4861 326 4935 diup
346 4866 485 4936 limporins
504 4870 623 4938 Dpnseo.
643 4887 670 4939 p.
693 4868 761 4930 1⁴⁷,
781 4868 956 4938 ejusdemque
975 4865 1081 4935 generis
1100 4864 1153 4916 elia
1172 4864 1245 4934 apud
1265 4862 1393 4915 Usehold.
1414 4858 1542 4911 Vorhalle
1567 4859 1598 4911 Τ.
1619 4858 1656 4920 ll,
1676 4876 1704 4929 p.
1724 4855 1771 4908 lli
1791 4871 1852 4922 sqq.
1875 4859 1902 4904 et
1919 4853 1948 4903 in

258 4967 389 5020 zeitschr.
410 4968 431 5019 t.
451 4969 478 5019 d.
499 4968 552 5021 Ait.
576 4967 654 5032 ¹842,
670 4988 695 5039 p.
712 4967 783 5030 362,
804 4967 984 5036 veterumque
1003 4963 1160 5032 laingnietilr
1177 4977 1204 5015 u.
1227 4960 1394 5032 llythulepie
1411 4976 1440 5028 p.
1459 4955 1504 5007 78.
1639 4989 1642 4994 ,
