4159 5850
1968 648 2018 899 'l

1708 1046 1887 1107 ,ἰὼ
2018 1090 2021 1113 Ι

1597 1174 1601 1181 .
1747 1166 1771 1187 ,ο
2020 1164 2023 1173 “

1746 1200 1792 1223 Μ’
1843 1198 1883 1219 {a

1727 1228 1735 1240 ι
1787 1232 1792 1241 ι
1840 1230 1847 1241 ι
1891 1234 1896 1243 ,
2021 1220 2025 1299 p

2023 1306 2025 1325 Ι

1781 1332 1796 1345 ,ι

241 1366 758 1564 8ωιιηιοίιιειςὶεῐη1υ
781 1446 1051 1552 academico,
1083 1478 1207 1560 quem
1236 1480 1314 1565 per
1343 1454 1456 1537 hunc
1487 1482 1644 1535 annum
1662 1452 1798 1564 gessi,
1828 1466 1982 1560 prope·
2025 1458 2027 1465 '

273 1590 449 1674 modum
476 1572 863 1702 perfunctus-‘nihil
895 1578 1048 1693 reliqui
1074 1582 1210 1667 haheo
1236 1587 1321 1668 nisi
1352 1599 1398 1669 ut
1429 1588 1752 1671 benevolentiae
1782 1593 1826 1667 et
1860 1584 1982 1663 ohse-

276 1718 378 1837 quio
409 1716 575 1827 vestr'o,
606 1718 737 1801 Ciues
767 1713 1025 1821 academici,
1049 1717 1340 1835 commendem
1369 1749 1663 1804 successorem
1687 1720 1768 1801 rite
1795 1725 1984 1801 creatum
2031 1736 2033 1821 ἵ

137 1922 148 1933 .
275 1870 319 1940 et
348 1846 657 1968 Angustissimi
681 1848 815 1961 Regis
836 1846 1114 1961 ejusdemque
1130 1849 1389 1933 Academiae
1413 1863 1583 1937 nostrae
1599 1849 1800 1935 Rectoris
1818 1847 1986 1959 Magni·
2031 1828 2036 1949 l

277 1982 544 2073 licentissimi
580 1982 806 2069 clementia
839 1982 1156 2090 confirmatum,
1196 1985 1334 2067 virum
1371 1985 1655 2068 clarissimum
1689 1981 1986 2096 gravissimum
2034 1969 2036 1995 ⁴

96 2296 108 2320 .
275 2144 823 2315 nnousuum
862 2152 1403 2277 uuuuromu
1440 2151 1848 2269 nanuum
1884 2150 1985 2264 u.

275 2380 403 2464 quem
430 2380 564 2463 quum¹
585 2348 679 2460 jam
705 2347 753 2429 in
771 2345 993 2457 superiore
1016 2344 1146 2456 hujus
1166 2345 1356 2427 muneris
1381 2343 1747 2429 administratione
1768 2352 1987 2424 strenuum

111 2510 116 2518 ·
276 2483 524 2595 diligentem
545 2483 774 2565 humanum
805 2488 853 2560 ut
881 2507 1007 2590 quem
1032 2478 1212 2562 maxime
1243 2475 1556 2591 cognoveritis,
1601 2478 1719 2562 nulla
1744 2503 1873 2560 causa
1903 2485 1985 2579 est,

132 2628 135 2633 ’
275 2628 536 2731 quapropter
563 2614 770 2727 singulari
799 2641 893 2697 mea
922 2610 1160 2697 laudatione
1190 2644 1440 2728 prosequar.
1502 2615 1645 2699 Unum
1675 2615 1807 2726 igitur
1837 2622 1987 2717 restat,
2034 2656 2036 2659 ·

276 2761 325 2834 ut
352 2751 471 2835 Deus
499 2748 699 2860 Optimus
716 2747 931 2831 Maximus
961 2747 1139 2829 consilia
1167 2748 1263 2860 ejus
1280 2748 1472 2830 fortuuet
1494 2745 1856 2861 Academiamque
1870 2747 1987 2830 illius

276 2884 476 2997 regimini
507 2880 713 2966 creditam
744 2880 918 2966 caelesti
946 2881 1078 2965 tutela
1107 2883 1301 2997 amplecti
1326 2893 1498 2997 pergat,
1538 2883 1647 2967 hanc
1686 2884 1823 2998 ipsam
1847 2893 1988 2966 autem

275 3028 325 3100 ut
354 3016 673 3124 demeremur,
719 3017 820 3098 novi
849 3001 1123 3100 Prore'ctoris
1155 3047 1279 3102 curas
1317 3019 1363 3100 in
1398 3018 1613 3102 communi
1647 3015 1782 3100 salute
1795 3071 1799 3076 -
1814 3046 1985 3132 promo·
2054 3048 2056 3080 ε

276 3150 415 3237 venda
443 3149 595 3234 sedulo
621 3149 887 3262 adjuvemus.

390 3463 473 3545 His
514 3459 671 3544 auditis
710 3479 840 3573 quum
874 3490 1015 3544 meum
1048 3473 1161 3544 esset
1189 3491 1345 3547 novum
1375 3465 1678 3549 Prorectorem
1707 3463 1823 3547 velut
1852 3489 1988 3545 coena

278 3593 473 3708 quadam
490 3594 655 3679 aditiali
683 3625 737 3678 ex
765 3597 962 3707 antiquae
999 3593 1252 3679 eruditionis
1287 3627 1401 3710 penu
1429 3597 1651 3711 depromta
1681 3598 1906 3709 excipere,
1943 3595 1989 3677 in

277 3726 518 3841 Daphnidis
559 3728 747 3813 fabulam
784 3727 941 3837 incidi,
980 3759 1107 3842 quam
1140 3742 1359 3843 pastorum
1392 3730 1637 3814 Siculorum
1673 3732 1820 3812 orihus
1856 3727 1987 3812 tradi-

277 3869 364 3946 tam
398 3861 625 3977 princcps',
664 3875 715 3946 ut·
749 3862 934 3970 videtur,
970 3862 1241 3948 Stesichorus
1269 3866 1524 3949 Himeraeus
1556 3865 1601 3947 in
1632 3861 1838 3947 carminis
1863 3894 1989 3976 argu-

277 4001 467 4080 mentum
498 3983 695 4103 contulit,
723 4027 779 4081 ex
802 4027 950 4084 eorum
977 4009 1118 4081 autem
1146 4001 1367 4112 poetarum
1384 4028 1581 4105 numero,
1609 3999 1684 4111 qui
1714 3996 1769 4080 ad
1797 4008 1988 4081 nostram

276 4139 457 4216 aetatem
492 4142 798 4243 pervenerunt,
848 4131 1108 4215 Theocritus
1147 4131 1381 4217 identidem
1416 4135 1479 4217 sic
1519 4129 1687 4245 aaigit',
1726 4142 1776 4216 ut
1813 4143 1855 4214 et
1894 4133 1988 4246 ipse

275 4295 445 4383 semper
486 4265 598 4348 inter
639 4263 1000 4377 locupletissimos
1034 4266 1129 4379 ejus
1166 4280 1364 4352 auctores
1406 4270 1659 4375 haberetur,
1707 4276 1749 4350 ct
1783 4265 1988 4380 quicquid

275 4413 497 4517 praeterea
524 4398 577 4484 dc
606 4399 679 4484 illa
709 4399 852 4483 fabula
880 4401 1084 4487 traditum
1111 4414 1239 4512 esset,
1268 4405 1315 4486 in
1338 4405 1420 4488 hoe
1442 4400 1696 4487 illustrando
1713 4402 1985 4516 praecipuum

275 4536 419 4620 locum
442 4534 667 4619 inveniret.
728 4532 892 4617 Eadem
919 4547 1060 4620 umen
1091 4568 1220 4651 quum
1249 4568 1337 4622 non
1374 4529 1588 4622 salumin
1616 4538 1985 4649 grammaticorum

276 4669 474 4760 manibus
498 4668 635 4760 varias
663 4678 706 4754 et
734 4667 991 4781 multiplices
1021 4670 1183 4758 formas
1215 4670 1451 4780 induisset,
1488 4668 1567 4755 scd
1595 4699 1620 4752 a
1648 4671 1787 4782 poetis
1816 4697 1985 4782 quoque

277 4814 321 4921 et
349 4805 444 4917 ipso
474 4800 581 4908 adeo
611 4801 848 4888 Theocrito
873 4802 970 4887 aliis
998 4802 1108 4891 locis
1140 4805 1265 4894 aliter
1286 4816 1466 4889 tractata
1488 4832 1582 4887 esse
1604 4802 1837 4909 videretur,
1867 4831 1986 4887 acer·

278 4937 386 5020 rima
415 4935 678 5021 eruditorum
712 4935 854 5021 studia
891 4940 1117 5049 excitavit,
1158 4943 1232 5058 qui
1268 4952 1342 5025 aut
1377 4939 1568 5024 diversas
1606 4938 1769 5024 formas
1798 4936 1911 5021 inter
1940 4967 1987 5019 se
