4159 5850
232 1363 473 1537 Summo
499 1449 748 1561 magistratu
778 1443 1040 1549 academico,
1073 1474 1197 1557 quem
1226 1476 1304 1561 per
1333 1450 1446 1533 hunc
1477 1478 1634 1531 annum
1651 1448 1788 1560 gessi,
1817 1434 2019 1557 prope·

262 1586 439 1671 modum
466 1572 729 1699 perfunctus
745 1577 853 1661 nihil
885 1576 1038 1690 reliqui
1064 1579 1269 1663 haheo
1226 1584 1311 1664 ursi
1341 1595 1388 1665 ut
1419 1584 1742 1667 benevolentiae
1766 1590 1815 1663 et
1850 1581 1972 1660 ohse-

266 1723 369 1835 quio
398 1718 565 1824 vcstr'o,
596 1714 727 1797 cives
757 1709 1015 1818 academici,
1038 1713 1330 1796 commendem
1359 1745 1651 1801 successorem
1677 1716 1758 1797 rite
1785 1721 1974 1797 creatum
2019 1696 2024 1805 l

131 1918 141 1929 -
265 1867 309 1937 ct
338 1842 647 1965 Augustissimi
671 1847 805 1958 Regis
826 1820 1104 1958 ejusdemque
1120 1845 1379 1931 Academiae
1403 1860 1573 1933 nostrae
1589 1845 1790 1931 Rectoris
1808 1816 2025 2001 Magni-l

267 1978 533 2070 licentissrmi
571 1981 796 2065 clementia
828 1979 1146 2087 confirmatum,
1186 1981 1323 2064 virum
1361 1981 1644 2065 clarissimum
1679 1978 1976 2092 gravissimum

97 2202 166 2315 .·
266 2141 813 2311 uuousuurr
852 2148 1393 2266 uuumourr
1430 2136 1838 2266 mumma
1874 2146 1975 2260 ιι.
2029 2222 2033 2293 ‚

267 2378 394 2461 quem
421 2376 552 2459 quum
576 2344 670 2457 jam
695 2343 744 2425 in
761 2341 983 2453 superiore
1006 2341 1136 2453 hujus
1156 2343 1346 2425 muneris
1371 2340 1737 2426 administratione
1758 2349 1977 2421 strenuum
2030 2295 2035 2445 l

109 2505 112 2514 ·
266 2480 515 2592 diligentem
536 2480 766 2561 humanum
795 2485 843 2557 ut
871 2504 997 2587 quem
1023 2475 1202 2559 maxime
1233 2472 1546 2588 cognoveritis,
1591 2474 1709 2558 nulla
1735 2501 1863 2557 causa
1893 2482 1975 2576 est,
2035 2580 2037 2584 J

127 2624 130 2628 ’
265 2625 527 2728 quapropter
554 2611 760 2723 singulari
789 2638 883 2694 mea
912 2608 1150 2694 laudatione
1180 2640 1431 2725 prosequar.
1492 2612 1635 2696 Unum
1665 2612 1798 2723 igitur
1827 2618 1977 2714 restat,
2035 2585 2038 2655 l

267 2758 315 2830 ut
342 2748 461 2830 Deus
489 2745 689 2857 Optimus
707 2744 922 2827 Maximus
951 2744 1129 2827 consilia
1157 2746 1252 2857 ejus
1270 2745 1462 2827 fortunat
1484 2742 1846 2858 Academiamque
1861 2744 1977 2827 illius

267 2880 466 2994 regimini
498 2877 704 2962 creditam
734 2877 908 2962 caelesti
937 2878 1069 2962 tutela
1096 2880 1291 2994 amplecti
1315 2889 1488 2992 pergat,
1529 2879 1637 2963 hanc
1676 2881 1813 2994 ipsam
1837 2891 1978 2962 autem

266 3025 315 3097 ut
344 3014 662 3120 demeremur,
709 3014 811 3095 novi
839 2999 1112 3097 Prorectoris
1145 3044 1269 3099 curas
1307 3014 1353 3096 in
1388 3014 1603 3099 communi
1637 3012 1790 3097 salute
1805 3042 1975 3128 promo-

267 3147 405 3234 venda
434 3145 584 3230 sedulo
611 3145 877 3259 adjuvemus.

380 3459 463 3542 His
505 3455 662 3541 auditis
701 3486 831 3569 quum
865 3487 1005 3540 meum
1038 3470 1151 3540 esset
1178 3488 1335 3544 novum
1365 3461 1669 3544 Prorectorem
1697 3457 1814 3543 velut
1844 3485 1979 3541 coena

268 3590 462 3704 quadam
480 3591 645 3675 aditiali
674 3619 727 3675 ex
756 3594 953 3704 antiquae
990 3591 1241 3675 eruditionis
1278 3624 1393 3706 penu
1417 3593 1641 3707 depromta
1671 3594 1896 3705 excipere,
1933 3592 1979 3673 in

268 3724 508 3838 Daphnidis
549 3725 737 3810 fabulam
774 3725 931 3834 incidi,
970 3755 1098 3839 quom
1130 3739 1349 3840 pastorum
1382 3727 1628 3811 Siculorum
1663 3728 1811 3809 oribus
1840 3723 1977 3808 ‘tradi-

268 3867 354 3941 tam
388 3858 616 3972 princeps,
654 3872 706 3943 ut·
739 3859 925 3965 videtur,
960 3859 1231 3944 Stesichorus
1260 3862 1515 3944 Himeraeus
1546 3862 1591 3943 in
1622 3859 1826 3943 carminis
1854 3879 2012 3972 argu-‘

268 3999 458 4077 mentum
488 3981 685 4100 contulit,
715 4024 770 4077 ex
792 4023 941 4080 eorum
967 4007 1108 4078 autem
1136 3998 1358 4109 poetarum
1375 4024 1572 4102 numero,
1600 3995 1674 4108 qui
1705 3993 1760 4076 ad
1787 4004 1978 4077 nostram

267 4136 447 4213 aetatem
482 4139 788 4241 pervenerunt,
839 4127 1098 4212 Theocritus
1137 4127 1371 4214 identidem
1406 4131 1469 4214 sic
1509 4125 1678 4241 attigit,
1709 4138 1766 4211 'ut
1803 4139 1846 4211 et
1884 4129 1979 4242 ipse

266 4288 436 4378 semper
476 4259 588 4345 inter
630 4259 990 4375 locupletissimos
1024 4264 1119 4376 ejus
1156 4276 1354 4349 auctores
1396 4267 1649 4371 haberetur,
1697 4272 1739 4344 et
1773 4259 1978 4375 quicquid

265 4411 487 4514 praeterea
514 4394 567 4480 dc
596 4396 670 4480 illa
699 4396 843 4481 fabula
871 4397 1074 4484 traditum
1101 4413 1229 4509 esset,
1258 4402 1305 4482 in
1328 4402 1411 4485 hoc
1432 4396 1686 4483 illustrando
1702 4399 1976 4511 praecipuum

265 4533 409 4617 locum
433 4531 658 4614 inveniret.
719 4529 883 4614 Eadem
909 4544 1052 4617 tamen
1081 4566 1210 4648 quum
1239 4564 1327 4618 non
1365 4535 1505 4619 solum
1532 4535 1578 4616 in
1606 4534 1980 4645 grammaticorum

266 4665 465 4757 manibus
488 4665 625 4753 varias
653 4675 696 4751 ct
718 4665 982 4778 'multiplices
1012 4666 1173 4755 formas
1205 4669 1442 4777 induisset,
1478 4664 1557 4752 sod
1585 4696 1610 4749 a
1638 4667 1777 4779 politis
1805 4693 1976 4779 quoque

267 4811 311 4918 et
339 4801 434 4913 ipso
464 4797 571 4904 adeo
602 4798 838 4884 Theocrito
863 4800 960 4884 aliis
989 4800 1098 4887 locis
1129 4802 1255 4890 aliter
1276 4813 1457 4887 tractata
1478 4829 1572 4883 esse
1594 4798 1828 4905 videretur,
1857 4827 1977 4883 acer·

268 4934 377 5017 rima
406 4932 669 5018 eruditorum
702 4931 845 5018 studia
881 4936 1108 5045 excitavit,
1149 4939 1222 5054 qui
1258 4949 1332 5022 aut
1367 4937 1558 5021 diversas
1596 4934 1760 5021 formas
1788 4932 1902 5017 inter
1931 4963 1978 5016 sc
